@Book{computervision,
  author = {Linda G. Shapiro and George C. Stockman},
  OPTeditor = {},
  title = {Computer Vision},
  publisher = {Prentice Hall},
  year = {2001},
  series = {ISBN 0-13-030796-3},
  OPTkey = {},
  OPTvolume = {},
  OPTnumber = {},
  OPTseries = {},
  OPTaddress = {},
  edition = {first},
  OPTmonth = {},
  OPTnote = {},
  OPTannote = {}
}

@Book{computervisionmodern,
  author = {David A. Forsyth and Jean Ponce},
  OPTeditor = {},
  title = {Computer Vision, A Modern Approach},
  publisher = {Prentice Hall},
  year = {2003},
  series = {ISBN 0-13-085198-1},
  OPTkey = {},
  OPTvolume = {},
  OPTnumber = {},
  OPTseries = {},
  OPTaddress = {},
  edition = {second},
  OPTmonth = {},
  OPTnote = {},
  OPTannote = {}
}

@article{agilemani,
	author = {Kent Beck},
	title = {Manifesto for Agile Software Development},
	journal = {Agile Alliance},
	year={2001}
}

@misc{gitrev,
      author = {Linus Torvalds},
      title = {Git},
      year = {2005},
      howpublished={\url{http://git-scm.com}}
}

@Book{primerplus,
  author = {Stephen Prata},
  OPTeditor = {},
  title = {C++ Primer Plus},
  publisher = {Addison-Wesley},
  year = {2012},
  series = {ISBN 978-0-321-77640-2},
  OPTkey = {},
  OPTvolume = {},
  OPTnumber = {},
  OPTseries = {},
  OPTaddress = {},
  edition = {sixth},
  OPTmonth = {},
  OPTnote = {},
  OPTannote = {}
}

@misc{cmake,
      author = {Andy Cedilnik and Bill Hoffman and Brad King and Ken Martin and Alexander Neundorf},
      title = {C{M}ake},
      year = {2000},
      howpublished={\url{http://www.cmake.org}}
}

@incollection{correspondence,
year={2011},
isbn={978-1-84882-934-3},
booktitle={Computer Vision},
series={Texts in Computer Science},
doi={10.1007/978-1-84882-935-0_11},
title={Stereo correspondence},
url={http://dx.doi.org/10.1007/978-1-84882-935-0_11},
publisher={Springer London},
author={Szeliski, Richard},
pages={467-503},
language={English}
}

@Book{agiledev,
  author = {Alistair Cockburn},
  OPTeditor = {},
  title = {Agile Software Development},
  publisher = {Addison-Wesley Professional},
  year = {2001},
  series = {ISBN 978-0-20-169969-2},
  OPTkey = {},
  OPTvolume = {},
  OPTnumber = {},
  OPTseries = {},
  OPTaddress = {},
  edition = {first},
  OPTmonth = {},
  OPTnote = {},
  OPTannote = {}
}

